<record><leader>00000cas a22000007a 4500</leader><controlfield tag="001">11800686</controlfield><controlfield tag="008">850313d18721876inuwr ne      0    0eng d</controlfield><datafield ind1=" " ind2=" " tag="010"><subfield code="a">sn 85033277 </subfield></datafield><datafield ind1=" " ind2=" " tag="040"><subfield code="a">NPU</subfield><subfield code="b">eng</subfield><subfield code="c">NPU</subfield><subfield code="d">NPI</subfield><subfield code="d">OCLCQ</subfield></datafield><datafield ind1=" " ind2=" " tag="042"><subfield code="a">msc</subfield></datafield><datafield ind1="0" ind2=" " tag="130"><subfield code="a">Wabash weekly plain dealer (Wabash, Ind. : 1872)</subfield></datafield><datafield ind1="1" ind2="0" tag="245"><subfield code="a">Wabash weekly plain dealer.</subfield></datafield><datafield ind1=" " ind2=" " tag="260"><subfield code="a">Wabash, Ind. :</subfield><subfield code="b">Ferry &amp; Butler,</subfield><subfield code="c">1872-1876.</subfield></datafield><datafield ind1=" " ind2=" " tag="310"><subfield code="a">Weekly</subfield></datafield><datafield ind1="0" ind2=" " tag="362"><subfield code="a">Vol. 14, no. 1 (Feb. 29, 1872)-v. 18, no. 7 (Apr. 6, 1876).</subfield></datafield><datafield ind1=" " ind2=" " tag="752"><subfield code="a">United States</subfield><subfield code="b">Indiana</subfield><subfield code="c">Wabash</subfield><subfield code="d">Wabash.</subfield></datafield><datafield ind1="0" ind2="0" tag="780"><subfield code="t">Wabash Republican</subfield><subfield code="w">(DLC)sn 87955460</subfield></datafield><datafield ind1="0" ind2="0" tag="785"><subfield code="t">Wabash plain dealer (Wabash, Ind. : 1876 : Weekly)</subfield><subfield code="w">(DLC)sn 84038241</subfield></datafield></record>